<record><leader>00000cas a2200000 a 4500</leader><controlfield tag="001">17856114</controlfield><controlfield tag="008">880427d18901892vauwr ne      0    0eng d</controlfield><datafield ind1=" " ind2=" " tag="010"><subfield code="a">sn 88061107 </subfield></datafield><datafield ind1=" " ind2=" " tag="040"><subfield code="a">KNP</subfield><subfield code="b">eng</subfield><subfield code="c">KNP</subfield><subfield code="d">NYS</subfield><subfield code="d">KNP</subfield><subfield code="d">NVK</subfield><subfield code="d">OCL</subfield><subfield code="d">OCLCQ</subfield><subfield code="d">NVK</subfield><subfield code="d">OCLCO</subfield><subfield code="d">OCLCQ</subfield><subfield code="d">OCLCF</subfield></datafield><datafield ind1=" " ind2=" " tag="042"><subfield code="a">msc</subfield></datafield><datafield ind1=" " ind2=" " tag="043"><subfield code="a">n-us-va</subfield></datafield><datafield ind1="0" ind2="4" tag="245"><subfield code="a">The Luray times.</subfield></datafield><datafield ind1=" " ind2=" " tag="260"><subfield code="a">Luray, Va. :</subfield><subfield code="b">Luray Pub. Co.</subfield></datafield><datafield ind1=" " ind2=" " tag="300"><subfield code="a">v. :</subfield><subfield code="b">ill.</subfield></datafield><datafield ind1=" " ind2=" " tag="310"><subfield code="a">Weekly</subfield></datafield><datafield ind1="1" ind2=" " tag="362"><subfield code="a">Began in 1890? Ceased in 1892?</subfield></datafield><datafield ind1=" " ind2=" " tag="515"><subfield code="a">Issue for Aug. 29, 1890 called also: Old ser., v. 10, no. 32.</subfield></datafield><datafield ind1=" " ind2=" " tag="588"><subfield code="a">Description based on: New ser., v. 1, no. 2 (Aug. 29, 1890).</subfield></datafield><datafield ind1=" " ind2="0" tag="651"><subfield code="a">Luray (Va.)</subfield><subfield code="v">Newspapers.</subfield></datafield><datafield ind1=" " ind2="7" tag="655"><subfield code="a">Newspapers.</subfield><subfield code="2">fast</subfield><subfield code="0">(OCoLC)fst01423814</subfield></datafield><datafield ind1=" " ind2="7" tag="651"><subfield code="a">Virginia</subfield><subfield code="z">Luray.</subfield><subfield code="2">fast</subfield><subfield code="0">(OCoLC)fst01222874</subfield></datafield><datafield ind1=" " ind2=" " tag="752"><subfield code="a">United States</subfield><subfield code="b">Virginia</subfield><subfield code="c">Page</subfield><subfield code="d">Luray.</subfield></datafield><datafield ind1="0" ind2="0" tag="780"><subfield code="t">Page news (Luray, Va. : 1880)</subfield><subfield code="w">(DLC)sn 88061066</subfield></datafield><datafield ind1="0" ind2="0" tag="785"><subfield code="t">Page news (Luray, Va. : 1892)</subfield><subfield code="w">(DLC)sn 95079133</subfield></datafield></record>